@ARTICLE{releaseEngineeringArticle,
  author={Adams, Bram and Bellomo, Stephany and Bird, Christian and Marshall-Keim, Tamara and Khomh, Foutse and Moir, Kim},
  journal={IEEE Software}, 
  title={The Practice and Future of Release Engineering: A Roundtable with Three Release Engineers}, 
  year={2015},
  volume={32},
  number={2},
  pages={42-49},
  keywords={Special issues and sections;Interviews;Software development;Continuous production;Software engineering;release engineering;software engineering;continuous delivery;software development},
  doi={10.1109/MS.2015.52}}

@BOOK{quarkusinaction,
  author    = {Martin Štefanko and Jan Martiška},
  title     = {Quarkus in Action},
  publisher = {Manning Publications},
  year      = {2021},
  url       = {https://www.manning.com/books/quarkus-in-action},
  urldate   = {2024-11-11},
  location  = {Online},
  langid    = {english}
}

@ONLINE{jakartaee,
  publisher = {Eclipse Foundation},
  title     = {Jakarta EE},
  date      = {2024},
  url       = {https://jakarta.ee/about/jakarta-ee/},
  urldate   = {2024-11-10},
  location  = {Online},
  langid    = {english}
}

@BOOK{quarkusBook,
  title     = "Beginning quarkus framework",
  author    = "Koleoso, Tayo",
  publisher = "APress",
  edition   =  1,
  month     =  sep,
  year      =  2020,
  address   = "Berlin, Germany"
}

@ONLINE{repour,
  title     = {Repour},
  date      = {2024},
  url       = {https://github.com/project-ncl/repour},
  urldate   = {2024-11-10},
  location  = {GitHub},
  langid    = {english}
}
